@book{wesseling2009principles,
	title={{Principles of Computational Fluid Dynamics}},
	author={Wesseling, Pieter},
	volume={29},
	year={2009},
	publisher={Springer Science \& Business Media}
}
@article{risken1968self,
	title={Self-pulsing in lasers},
	author={Risken, H and Nummedal, K},
	journal={J. Appl. Phys.},
	volume={39},
	number={10},
	pages={4662--4672},
	year={1968},
	publisher={AIP Publishing}
}
