@article{borges2012tunneling,
	title={Tunneling induced transparency and slow light in quantum dot molecules},
	author={Borges, HS and Sanz, L and Villas-B{\^o}as, JM and Neto, OO Diniz and Alcalde, AM},
	journal={Physical Review B},
	volume={85},
	number={11},
	pages={115425},
	year={2012},
	publisher={APS}
}

@article{boller1991observation,
	title={Observation of electromagnetically induced transparency},
	author={Boller, K-J and Imamo{\u{g}}lu, A and Harris, Stephen E},
	journal={Physical Review Letters},
	volume={66},
	number={20},
	pages={2593},
	year={1991},
	publisher={APS}
}

@article{faist1997controlling,
	title={Controlling the sign of quantum interference by tunnelling from quantum wells},
	author={Faist, Jerome and Capasso, Federico and Sirtori, Carlo and West, Ken W and Pfeiffer, LN},
	journal={Nature},
	volume={390},
	number={6660},
	pages={589--591},
	year={1997},
	publisher={Nature Publishing Group}
}
@article{burghoff2014terahertz,
  title={Terahertz laser frequency combs},
  author={Burghoff, David and Kao, Tsung-Yu and Han, Ningren and Chan, Chun Wang Ivan and Cai, Xiaowei and Yang, Yang and Hayton, Darren J and Gao, Jian-Rong and Reno, John L and Hu, Qing},
  journal={Nat. Photonics},
  volume={8},
  number={6},
  pages={462--467},
  year={2014}
}
@article{kohen2005electromagnetic,
	title={Electromagnetic modeling of terahertz quantum cascade laser waveguides and resonators},
	author={Kohen, Stephen and Williams, Benjamin S and Hu, Qing},
	journal={Journal of applied physics},
	volume={97},
	number={5},
	pages={053106},
	year={2005},
	publisher={AIP Publishing}
}


@article{vukovic2016multimode,
	title={Multimode RNGH instabilities of Fabry-P{\'e}rot cavity QCLs: impact of diffusion},
	author={Vukovic, N and Radovanovic, J and Milanovic, V and Boiko, DL},
	journal={Optical and Quantum Electronics},
	volume={48},
	number={4},
	pages={1--10},
	year={2016},
	publisher={Springer}
}

@book{ye2005femtosecond,
	title={Femtosecond optical frequency comb: principle, operation and applications},
	author={Ye, Jun},
	year={2005},
	publisher={Springer Science \& Business Media}
}
@article{jirauschek2010monte,
	title={Monte Carlo study of carrier-light coupling in terahertz quantum cascade lasers},
	author={Jirauschek, Christian},
	journal={Applied Physics Letters},
	volume={96},
	number={1},
	pages={011103},
	year={2010},
	publisher={AIP Publishing}
}

@article{jirauschek2009monte,
	title={Monte-Carlo-based spectral gain analysis for terahertz quantum cascade lasers},
	author={Jirauschek, Christian and Lugli, Paolo},
	journal={Journal of Applied Physics},
	volume={105},
	number={12},
	pages={123102},
	year={2009},
	publisher={AIP Publishing}
}

@article{jirauschek2007comparative,
	title={Comparative analysis of resonant phonon THz quantum cascade lasers},
	author={Jirauschek, Christian and Scarpa, Giuseppe and Lugli, Paolo and Vitiello, Miriam S and Scamarcio, Gaetano},
	journal={Journal of applied physics},
	volume={101},
	number={8},
	pages={086109},
	year={2007},
	publisher={AIP Publishing}
}


@article{villares2014dual,
	title={Dual-comb spectroscopy based on quantum-cascade-laser frequency combs},
	author={Villares, Gustavo and Hugi, Andreas and Blaser, St{\'e}phane and Faist, J{\'e}r{\^o}me},
	journal={Nature communications},
	volume={5},
	year={2014},
	publisher={Nature Publishing Group}
}

@article{wang2007coherent,
	title={Coherent instabilities in a semiconductor laser with fast gain recovery},
	author={Wang, Christine Y and Diehl, L and Gordon, A and Jirauschek, C and K{\"a}rtner, FX and Belyanin, Alexey and Bour, D and Corzine, S and H{\"o}fler, G and Troccoli, M and others},
	journal={Physical review A},
	volume={75},
	number={3},
	pages={031802},
	year={2007},
	publisher={APS}
}

@article{gkortsas2010dynamics,
	title={Dynamics of actively mode-locked quantum cascade lasers},
	author={Gkortsas, V-M and Wang, C and Kuznetsova, L and Diehl, L and Gordon, A and Jirauschek, C and Belkin, MA and Belyanin, A and Capasso, F and K{\"a}rtner, FX},
	journal={Optics express},
	volume={18},
	number={13},
	pages={13616--13630},
	year={2010},
	publisher={Optical Society of America}
}
@article{villares2015quantum,
	title={Quantum cascade laser combs: effects of modulation and dispersion},
	author={Villares, Gustavo and Faist, J{\'e}r{\^o}me},
	journal={Optics express},
	volume={23},
	number={2},
	pages={1651--1669},
	year={2015},
	publisher={Optical Society of America}
}

@article{wienold2014evidence,
	title={Evidence for frequency comb emission from a Fabry-P{\'e}rot terahertz quantum-cascade laser},
	author={Wienold, Martin and R{\"o}ben, B and Schrottke, L and Grahn, HT},
	journal={Optics express},
	volume={22},
	number={25},
	pages={30410--30424},
	year={2014},
	publisher={Optical Society of America}
}

@article{talukder2010self,
	title={Self-induced transparency modelocking of quantum cascade lasers in the presence of saturable nonlinearity and group velocity dispersion},
	author={Talukder, Muhammad Anisuzzaman and Menyuk, Curtis R},
	journal={Optics express},
	volume={18},
	number={6},
	pages={5639--5653},
	year={2010},
	publisher={Optical Society of America}
}

@article{friedli2013four,
	title={Four-wave mixing in a quantum cascade laser amplifier},
	author={Friedli, Peter and Sigg, Hans and Hinkov, Borislav and Hugi, Andreas and Riedi, Sabine and Beck, Mattias and Faist, J{\'e}r{\^o}me},
	journal={Applied Physics Letters},
	volume={102},
	number={22},
	pages={222104},
	year={2013},
	publisher={AIP Publishing}
}

@article{revin2016active,
	title={Active mode locking of quantum cascade lasers in an external ring cavity},
	author={Revin, DG and Hemingway, M and Wang, Y and Cockburn, JW and Belyanin, A},
	journal={Nature Communications},
	volume={7},
	year={2016},
	publisher={Nature Publishing Group}
}

@article{hugi2012mid,
	title={Mid-infrared frequency comb based on a quantum cascade laser},
	author={Hugi, Andreas and Villares, Gustavo and Blaser, St{\'e}phane and Liu, HC and Faist, J{\'e}r{\^o}me},
	journal={Nature},
	volume={492},
	number={7428},
	pages={229--233},
	year={2012},
	publisher={Nature Publishing Group}
}
@article{wang2009mode,
	title={Mode-locked pulses from mid-infrared quantum cascade lasers},
	author={Wang, Christine Y and Kuznetsova, Lyuba and Gkortsas, VM and Diehl, Laurent and Kaertner, Franz X and Belkin, Mikhail A and Belyanin, Alexey and Li, Xiaofeng and Ham, Donhee and Schneider, Harald and others},
	journal={Optics express},
	volume={17},
	number={15},
	pages={12929--12943},
	year={2009},
	publisher={Optical Society of America}
}
@article{wang2015generating,
	title={Generating ultrafast pulses of light from quantum cascade lasers},
	author={Wang, Feihu and Maussang, Kenneth and Moumdji, Souad and Colombelli, Raffaele and Freeman, Joshua R and Kundu, Iman and Li, Lianhe and Linfield, Edmund H and Davies, A Giles and Mangeney, Juliette and others},
	journal={Optica},
	volume={2},
	number={11},
	pages={944--949},
	year={2015},
	publisher={Optical Society of America}
}
@article{wang2015active,
	title={Active mode-locking of mid-infrared quantum cascade lasers with short gain recovery time},
	author={Wang, Yongrui and Belyanin, Alexey},
	journal={Optics express},
	volume={23},
	number={4},
	pages={4173--4185},
	year={2015},
	publisher={Optical Society of America}
}
@article{rosch2015octave,
	title={Octave-spanning semiconductor laser},
	author={R{\"o}sch, Markus and Scalari, Giacomo and Beck, Mattias and Faist, J{\'e}r{\^o}me},
	journal={Nature Photonics},
	volume={9},
	number={1},
	pages={42--47},
	year={2015},
	publisher={Nature Publishing Group}
}

@article{khurgin2014coherent,
	title={Coherent frequency combs produced by self frequency modulation in quantum cascade lasers},
	author={Khurgin, JB and Dikmelik, Yamac and Hugi, Andreas and Faist, Jerome},
	journal={Applied Physics Letters},
	volume={104},
	number={8},
	pages={081118},
	year={2014},
	publisher={AIP Publishing}
}
@article{jirauschek2014modeling,
	title={Modeling techniques for quantum cascade lasers},
	author={Jirauschek, Christian and Kubis, Tillmann},
	journal={Applied Physics Reviews},
	volume={1},
	number={1},
	pages={011307},
	year={2014},
	publisher={AIP Publishing}
}

@article{callebaut2005importance,
	title={Importance of coherence for electron transport in terahertz quantum cascade lasers},
	author={Callebaut, Hans and Hu, Qing},
	journal={Journal of Applied Physics},
	volume={98},
	number={10},
	pages={104505},
	year={2005},
	publisher={AIP Publishing}
}

@phdthesis{hugi2013single,
	title={Single-mode and comb operation of broadband quantum cascade lasers},
	author={Hugi, Andreas},
	year={2013},
	school={Diss., Eidgen{\"o}ssische Technische Hochschule ETH Z{\"u}rich, Nr. 21138, 2013}
}

@phdthesis{burghoff2014broadband,
	title={Broadband terahertz photonics},
	author={Burghoff, David Patrick},
	year={2014},
	school={Massachusetts Institute of Technology}
}

@phdthesis{kumar2007development,
	title={Development of terahertz quantum-cascade lasers},
	author={Kumar, Sushil and others},
	year={2007},
	school={Massachusetts Institute of Technology}
}

@article{bastardwave,
	title={Wave mechanics applied to semiconductor heterostructures, 1988},
	author={Bastard, Gerald},
	journal={Les Ulis Cedex: Les Edition de Physique}
}

@article{kumar2009coherence,
	title={Coherence of resonant-tunneling transport in terahertz quantum-cascade lasers},
	author={Kumar, Sushil and Hu, Qing},
	journal={Physical Review B},
	volume={80},
	number={24},
	pages={245316},
	year={2009},
	publisher={APS}
}

@article{burghoff2015evaluating,
	title={Evaluating the coherence and time-domain profile of quantum cascade laser frequency combs},
	author={Burghoff, David and Yang, Yang and Hayton, Darren J and Gao, Jian-Rong and Reno, John L and Hu, Qing},
	journal={Optics express},
	volume={23},
	number={2},
	pages={1190--1202},
	year={2015},
	publisher={Optical Society of America}
}

@book{boyd2003nonlinear,
	title={Nonlinear optics},
	author={Boyd, Robert W},
	year={2003},
	publisher={Academic press}
}
@article{gordon2008multimode,
	title={Multimode regimes in quantum cascade lasers: From coherent instabilities to spatial hole burning},
	author={Gordon, Ariel and Wang, Christine Y and Diehl, L and K{\"a}rtner, FX and Belyanin, Alexey and Bour, D and Corzine, S and H{\"o}fler, G and Liu, HC and Schneider, Harald and others},
	journal={Physical Review A},
	volume={77},
	number={5},
	pages={053804},
	year={2008},
	publisher={APS}
}

@article{dupont2010simplified,
	title={Simplified density-matrix model applied to three-well terahertz quantum cascade lasers},
	author={Dupont, E and Fathololoumi, S and Liu, HC},
	journal={Physical Review B},
	volume={81},
	number={20},
	pages={205311},
	year={2010},
	publisher={APS}
}


@phdthesis{williams2007terahertz,
	title={Terahertz quantum-cascade lasers},
	author={Williams, Benjamin S},
	year={2003},
	school={Massachusetts Institute of Technology}
}

@article{jukam2008gain,
	title={Gain measurements of THz quantum cascade lasers using THz time-domain spectroscopy},
	author={Jukam, Nathan and Dhillon, Sukhdeep and Zhao, Zhen-Yu and Duerr, Georg and Armijo, Julien and Sirmons, Nathanael and Hameau, Sophie and Barbieri, Stefano and Filloux, Pascal and Sirtori, Carlo and others},
	journal={Selected Topics in Quantum Electronics, IEEE Journal of},
	volume={14},
	number={2},
	pages={436--442},
	year={2008},
	publisher={IEEE}
}
@article{villares2015dispersion,
	title={Dispersion engineering of Quantum Cascade Lasers frequency combs},
	author={Villares, Gustavo and Riedi, Sabine and Wolf, Johanna and Kazakov, Dmitry and S{\"u}ess, Martin J and Beck, Mattias and Faist, J{\'e}r{\^o}me},
	journal={arXiv preprint arXiv:1509.08856},
	year={2015}
}
@article{iotti2005microscopic,
	title={Microscopic theory of semiconductor-based optoelectronic devices},
	author={Iotti, Rita C and Rossi, Fausto},
	journal={Reports on Progress in Physics},
	volume={68},
	number={11},
	pages={2533},
	year={2005},
	publisher={IOP Publishing}
}
@article{risken1968self,
	title={Self-pulsing in lasers},
	author={Risken, H and Nummedal, K},
	journal={Journal of Applied Physics},
	volume={39},
	number={10},
	pages={4662--4672},
	year={1968},
	publisher={AIP Publishing}
}

@book{wesseling2009principles,
	title={Principles of computational fluid dynamics},
	author={Wesseling, Pieter},
	volume={29},
	year={2009},
	publisher={Springer Science \& Business Media}
}

@article{godunov1959difference,
	title={A difference method for numerical calculation of discontinuous solutions of the equations of hydrodynamics},
	author={Godunov, Sergei Konstantinovich},
	journal={Matematicheskii Sbornik},
	volume={89},
	number={3},
	pages={271--306},
	year={1959},
	publisher={Russian Academy of Sciences, Branch of Mathematical Sciences}
}


@book{butcher1991elements,
	title={The elements of nonlinear optics},
	author={Butcher, Paul N and Cotter, David},
	volume={9},
	year={1991},
	publisher={Cambridge University Press}
}
