@book{weiner2011ultrafast,
  title={{Ultrafast Optics}},
  author={Weiner, Andrew},
  volume={72},
  year={2011},
  publisher={John Wiley \& Sons}
}

@book{ye2005femtosecond,
	title={{Femtosecond Optical Frequency Comb: Principle, Operation and Applications}},
	author={Ye, Jun},
	year={2005},
	publisher={Springer Science \& Business Media}
}

@book{bastard1990wave,
  title={{Wave Mechanics Applied to Semiconductor Heterostructures}},
  author={Bastard, Gerald},
  year={1990},
  publisher={John Wiley \& Sons}
}

@book{boyd2003nonlinear,
	title={{Nonlinear Optics}},
	author={Boyd, Robert W},
	year={2003},
	publisher={Academic}
}

@book{wesseling2009principles,
	title={{Principles of Computational Fluid Dynamics}},
	author={Wesseling, Pieter},
	volume={29},
	year={2009},
	publisher={Springer Science \& Business Media}
}

@book{butcher1991elements,
	title={{The Elements of Nonlinear Optics}},
	author={Butcher, Paul N and Cotter, David},
	volume={9},
	year={1991},
	publisher={Cambridge University}
}

@phdthesis{hugi2013single,
	title={Single-mode and comb operation of broadband quantum cascade lasers},
	author={Hugi, Andreas},
	year={2013},
	school={Diss., Eidgen{\"o}ssische Technische Hochschule ETH Z{\"u}rich, Nr. 21138, 2013}
}

@phdthesis{burghoff2014broadband,
	title={Broadband terahertz photonics},
	author={Burghoff, David Patrick},
	year={2014},
	school={Massachusetts Institute of Technology}
}

@phdthesis{kumar2007development,
	title={Development of terahertz quantum-cascade lasers},
	author={Kumar, Sushil and others},
	year={2007},
	school={Massachusetts Institute of Technology}
}
@phdthesis{williams2007terahertz,
	title={Terahertz quantum-cascade lasers},
	author={Williams, Benjamin S},
	year={2003},
	school={Massachusetts Institute of Technology}
}

@article{yang2016terahertz,
	title={Terahertz multiheterodyne spectroscopy using laser frequency combs},
	author={Yang, Yang and Burghoff, David and Hayton, Darren J and Gao, Jian-Rong and Reno, John L and Hu, Qing},
	journal={Optica},
	volume={3},
	number={5},
	pages={499--502},
	year={2016},
	publisher={Optical Society of America}
}

@article{martl2011gain,
	title={Gain and losses in {THz} quantum cascade laser with metal-metal waveguide},
	author={Martl, Michael and Darmo, Juraj and Deutsch, Christoph and Brandstetter, Martin and Andrews, Aaron Maxwell and Klang, Pavel and Strasser, Gottfried and Unterrainer, Karl},
	journal={Opt. Express},
	volume={19},
	number={2},
	pages={733--738},
	year={2011},
	publisher={Optical Society of America}
}

@article{knezevic2013time,
  title={Time-dependent transport in open systems based on quantum master equations},
  author={Knezevic, I and Novakovic, B},
  journal={J. Comput. Electron.},
  volume={12},
  number={3},
  pages={363--374},
  year={2013},
  publisher={Springer}
}

@article{weber2006theory,
  title={Theory of the ultrafast nonlinear response of terahertz quantum cascade laser structures},
  author={Weber, C and Banit, F and Butscher, S and Knorr, A and Wacker, Andreas},
  journal={Appl. Phys. Lett.},
  volume={89},
  number={9},
  pages={091112},
  year={2006},
  publisher={AIP Publishing}
}



@article{burghoff2014terahertz,
  title={Terahertz laser frequency combs},
  author={Burghoff, David and Kao, Tsung-Yu and Han, Ningren and Chan, Chun Wang Ivan and Cai, Xiaowei and Yang, Yang and Hayton, Darren J and Gao, Jian-Rong and Reno, John L and Hu, Qing},
  journal={Nature Photon.},
  volume={8},
  number={6},
  pages={462--467},
  year={2014}
}
@article{kohen2005electromagnetic,
	title={Electromagnetic modeling of terahertz quantum cascade laser waveguides and resonators},
	author={Kohen, Stephen and Williams, Benjamin S and Hu, Qing},
	journal={J. Appl. Phys.},
	volume={97},
	number={5},
	pages={053106},
	year={2005},
	publisher={AIP Publishing}
}
@article{vukovic2016multimode,
	title={{Multimode RNGH instabilities of Fabry-P{\'e}rot cavity QCLs: impact of diffusion}},
	author={Vukovic, N and Radovanovic, J and Milanovic, V and Boiko, DL},
	journal={Opt. Quant. Electron.},
	volume={48},
	number={4},
	pages={1--10},
	year={2016},
	publisher={Springer}
}

@article{jirauschek2009monte,
	title={{Monte-Carlo-based spectral gain analysis for terahertz quantum cascade lasers}},
	author={Jirauschek, Christian and Lugli, Paolo},
	journal={J. Appl. Phys.},
	volume={105},
	number={12},
	pages={123102},
	year={2009},
	publisher={AIP Publishing}
}

@article{jirauschek2007comparative,
	title={{Comparative analysis of resonant phonon THz quantum cascade lasers}},
	author={Jirauschek, Christian and Scarpa, Giuseppe and Lugli, Paolo and Vitiello, Miriam S and Scamarcio, Gaetano},
	journal={J. Appl. Phys.},
	volume={101},
	number={8},
	pages={086109},
	year={2007},
	publisher={AIP Publishing}
}
@article{jirauschek2010monte,
  title={{Monte Carlo study of intrinsic linewidths in terahertz quantum cascade lasers}},
  author={Jirauschek, Christian},
  journal={Opt. Express},
  volume={18},
  number={25},
  pages={25922--25927},
  year={2010},
  publisher={Optical Society of America}
}


@article{jirauschek2010monte_2,
	title={{Monte Carlo study of carrier-light coupling in terahertz quantum cascade lasers}},
	author={Jirauschek, Christian},
	journal={Appl. Phys. Lett.},
	volume={96},
	number={1},
	pages={011103},
	year={2010},
	publisher={AIP Publishing}
}

@article{villares2014dual,
	title={Dual-comb spectroscopy based on quantum-cascade-laser frequency combs},
	author={Villares, Gustavo and Hugi, Andreas and Blaser, St{\'e}phane and Faist, J{\'e}r{\^o}me},
	journal={Nat. Commun.},
	volume={5},
	year={2014},
	pages={5192},
	publisher={Nature Publishing Group}
}

@article{wang2007coherent,
  title = {Coherent instabilities in a semiconductor laser with fast gain recovery},
  author = {Wang, Christine Y. and Diehl, L. and Gordon, A. and Jirauschek, C. and K\"artner, F. X. and Belyanin, A. and Bour, D. and Corzine, S. and H\"ofler, G. and Troccoli, M. and Faist, J. and Capasso, Federico},
  journal = {Phys. Rev. A},
  volume = {75},
  issue = {3},
  pages = {031802},
  numpages = {4},
  year = {2007},
  month = {Mar},
  publisher = {American Physical Society}
}


@article{gkortsas2010dynamics,
	title={Dynamics of actively mode-locked quantum cascade lasers},
	author={Gkortsas, V-M and Wang, C and Kuznetsova, L and Diehl, L and Gordon, A and Jirauschek, C and Belkin, MA and Belyanin, A and Capasso, F and K{\"a}rtner, FX},
	journal={Opt. Express},
	volume={18},
	number={13},
	pages={13616--13630},
	year={2010},
	publisher={Optical Society of America}
}
@article{villares2015quantum,
	title={Quantum cascade laser combs: effects of modulation and dispersion},
	author={Villares, Gustavo and Faist, J{\'e}r{\^o}me},
	journal={Opt. Express},
	volume={23},
	number={2},
	pages={1651--1669},
	year={2015},
	publisher={Optical Society of America}
}

@article{wienold2014evidence,
	title={{Evidence for frequency comb emission from a Fabry-P{\'e}rot terahertz quantum-cascade laser}},
	author={Wienold, Martin and R{\"o}ben, B and Schrottke, L and Grahn, HT},
	journal={Opt. Express},
	volume={22},
	number={25},
	pages={30410--30424},
	year={2014},
	publisher={Optical Society of America}
}

@article{talukder2010self,
	title={Self-induced transparency modelocking of quantum cascade lasers in the presence of saturable nonlinearity and group velocity dispersion},
	author={Talukder, Muhammad Anisuzzaman and Menyuk, Curtis R},
	journal={Opt. Express},
	volume={18},
	number={6},
	pages={5639--5653},
	year={2010},
	publisher={Optical Society of America}
}

@article{friedli2013four,
	title={Four-wave mixing in a quantum cascade laser amplifier},
	author={Friedli, Peter and Sigg, Hans and Hinkov, Borislav and Hugi, Andreas and Riedi, Sabine and Beck, Mattias and Faist, J{\'e}r{\^o}me},
	journal={Appl. Phys. Lett.},
	volume={102},
	number={22},
	pages={222104},
	year={2013},
	publisher={AIP Publishing}
}

@article{revin2016active,
	title={Active mode locking of quantum cascade lasers in an external ring cavity},
	author={Revin, DG and Hemingway, M and Wang, Y and Cockburn, JW and Belyanin, A},
	journal={Nat. Commun.},
	volume={7},
	year={2016},
	publisher={Nature Publishing Group}
}

@article{hugi2012mid,
	title={Mid-infrared frequency comb based on a quantum cascade laser},
	author={Hugi, Andreas and Villares, Gustavo and Blaser, St{\'e}phane and Liu, HC and Faist, J{\'e}r{\^o}me},
	journal={Nature},
	volume={492},
	number={7428},
	pages={229--233},
	year={2012},
	publisher={Nature Publishing Group}
}

@article{wang2009mode, 
author = {Christine Y. Wang and Lyuba Kuznetsova and V. M. Gkortsas and L. Diehl and F. X. K\"{a}rtner and M. A. Belkin and A. Belyanin and X. Li and D. Ham and H Schneider and P. Grant and C. Y. Song and S. Haffouz and Z. R. Wasilewski and H. C. Liu and Federico Capasso}, 
journal = {Opt. Express}, 
keywords = {Infrared and far-infrared lasers; Mode-locked lasers; Semiconductor lasers, quantum cascade},
number = {15}, 
pages = {12929--12943}, 
publisher = {OSA},
title = {Mode-locked pulses from mid-infrared Quantum Cascade Lasers}, 
volume = {17}, 
month = {Jul},
year = {2009},
}

@article{wang2015generating,
	title={Generating ultrafast pulses of light from quantum cascade lasers},
	author={Wang, Feihu and Maussang, Kenneth and Moumdji, Souad and Colombelli, Raffaele and Freeman, Joshua R and Kundu, Iman and Li, Lianhe and Linfield, Edmund H and Davies, A Giles and Mangeney, Juliette and others},
	journal={Optica},
	volume={2},
	number={11},
	pages={944--949},
	year={2015},
	publisher={Optical Society of America}
}
@article{wang2015active,
	title={Active mode-locking of mid-infrared quantum cascade lasers with short gain recovery time},
	author={Wang, Yongrui and Belyanin, Alexey},
	journal={Opt. Express},
	volume={23},
	number={4},
	pages={4173--4185},
	year={2015},
	publisher={Optical Society of America}
}
@article{rosch2015octave,
	title={Octave-spanning semiconductor laser},
	author={R{\"o}sch, Markus and Scalari, Giacomo and Beck, Mattias and Faist, J{\'e}r{\^o}me},
	journal={Nature Photon.},
	volume={9},
	number={1},
	pages={42--47},
	year={2015},
	publisher={Nature Publishing Group}
}

@article{khurgin2014coherent,
	title={Coherent frequency combs produced by self frequency modulation in quantum cascade lasers},
	author={Khurgin, JB and Dikmelik, Yamac and Hugi, Andreas and Faist, Jerome},
	journal={Appl. Phys. Lett.},
	volume={104},
	number={8},
	pages={081118},
	year={2014},
	publisher={AIP Publishing}
}
@article{jirauschek2014modeling,
	title={Modeling techniques for quantum cascade lasers},
	author={Jirauschek, Christian and Kubis, Tillmann},
	journal={Appl. Phys. Rev.},
	volume={1},
	number={1},
	pages={011307},
	year={2014},
	publisher={AIP Publishing}
}

@article{callebaut2005importance,
	title={Importance of coherence for electron transport in terahertz quantum cascade lasers},
	author={Callebaut, Hans and Hu, Qing},
	journal={J. Appl. Phys.},
	volume={98},
	number={10},
	pages={104505},
	year={2005},
	publisher={AIP Publishing}
}


@article{kumar2009coherence,
	title={Coherence of resonant-tunneling transport in terahertz quantum-cascade lasers},
	author={Kumar, Sushil and Hu, Qing},
	journal={Phys. Rev. B},
	volume={80},
	number={24},
	pages={245316},
	year={2009},
	publisher={APS}
}

@article{burghoff2015evaluating,
	title={Evaluating the coherence and time-domain profile of quantum cascade laser frequency combs},
	author={Burghoff, David and Yang, Yang and Hayton, Darren J and Gao, Jian-Rong and Reno, John L and Hu, Qing},
	journal={Opt. Express},
	volume={23},
	number={2},
	pages={1190--1202},
	year={2015},
	publisher={Optical Society of America}
}

@article{gordon2008multimode,
  title = {Multimode regimes in quantum cascade lasers: From coherent instabilities to spatial hole burning},
  author = {Gordon, Ariel and Wang, Christine Y. and Diehl, L. and K\"artner, F. X. and Belyanin, A. and Bour, D. and Corzine, S. and H\"ofler, G. and Liu, H. C. and Schneider, H. and Maier, T. and Troccoli, M. and Faist, J. and Capasso, Federico},
  journal = {Phys. Rev. A},
  volume = {77},
  issue = {5},
  pages = {053804},
  numpages = {18},
  year = {2008},
  month = {May},
  publisher = {American Physical Society}
}


@article{dupont2010simplified,
	title={Simplified density-matrix model applied to three-well terahertz quantum cascade lasers},
	author={Dupont, E and Fathololoumi, S and Liu, HC},
	journal={Phys. Rev. B},
	volume={81},
	number={20},
	pages={205311},
	year={2010},
	publisher={APS}
}



@article{jukam2008gain,
title={{Gain measurements of THz quantum cascade lasers using THz time-domain spectroscopy}},
author={N. Jukam and S. Dhillon and Z. Y. Zhao and G. Duerr and J. Armijo and N. Sirmons and S. Hameau and S. Barbieri and P. Filloux and C. Sirtori and X. Marcadet and J. Tignon},
journal={IEEE J. Sel. Top. Quantum Electron.},
year={2008},
volume={14},
number={2},
pages={436-442},
publisher={IEEE}
}


@article{villares2015dispersion,
	title={Dispersion engineering of Quantum Cascade Lasers frequency combs},
	author={Villares, Gustavo and Riedi, Sabine and Wolf, Johanna and Kazakov, Dmitry and S{\"u}ess, Martin J and Beck, Mattias and Faist, J{\'e}r{\^o}me},
	journal={arXiv preprint arXiv:1509.08856},
	year={2015}
}
@article{iotti2005microscopic,
	title={Microscopic theory of semiconductor-based optoelectronic devices},
	author={Iotti, Rita C and Rossi, Fausto},
	journal={Rep. Prog. Phys.},
	volume={68},
	number={11},
	pages={2533},
	year={2005},
	publisher={IOP Publishing}
}
@article{risken1968self,
	title={Self-pulsing in lasers},
	author={Risken, H and Nummedal, K},
	journal={J. Appl. Phys.},
	volume={39},
	number={10},
	pages={4662--4672},
	year={1968},
	publisher={AIP Publishing}
}



@article{godunov1959difference,
	title={A difference method for numerical calculation of discontinuous solutions of the equations of hydrodynamics},
	author={Godunov, Sergei Konstantinovich},
	journal={Matematicheskii Sbornik},
	volume={89},
	number={3},
	pages={271--306},
	year={1959},
	publisher={Russian Academy of Sciences, Branch of Mathematical Sciences}
}


@article{cappelli2015intrinsic,
  title={Intrinsic linewidth of quantum cascade laser frequency combs},
  author={Cappelli, Francesco and Villares, Gustavo and Riedi, Sabine and Faist, J{\'e}r{\^o}me},
  journal={Optica},
  volume={2},
  number={10},
  pages={836--840},
  year={2015},
  publisher={Optical Society of America}
}

@article{lu2015high,
  title={High power frequency comb based on mid-infrared quantum cascade laser at $\lambda\sim$9 $\mu$m},
  author={Lu, QY and Razeghi, M and Slivken, S and Bandyopadhyay, N and Bai, Y and Zhou, WJ and Chen, M and Heydari, D and Haddadi, A and McClintock, R and Amanti, M and Sirtori, C},
  journal={Appl. Phys. Lett.},
  volume={106},
  number={5},
  pages={051105},
  year={2015},
  publisher={AIP Publishing}
}


@article{2009IJQE451059J,
   author = {{Jirauschek}, C.},
    title = "{Accuracy of transfer matrix approaches for solving the effective mass Schr{\"o}dinger equation}",
  journal = {IEEE J. Quantum Electron.},
     year = 2009,
    month = sep,
   volume = 45,
    pages = {1059-1067},
      doi = {10.1109/JQE.2009.2020998},
}

@article{butscher2005ultrafast,
  title={Ultrafast electron-phonon interaction of intersubband transitions: Quantum kinetics from adiabatic following to {R}abi-oscillations},
  author={Butscher, Stefan and F{\"o}rstner, Jens and Waldm{\"u}ller, In{\`e}s and Knorr, Andreas},
  journal={Phys. Rev. B},
  volume={72},
  number={4},
  pages={045314},
  year={2005},
  publisher={APS}
}

@article{iotti2016electronic,
  title={Electronic phase coherence vs. dissipation in solid-state quantum devices: Two approximations are better than one},
  author={Iotti, Rita Claudia and Rossi, Fausto},
  journal={EPL},
  volume={112},
  number={6},
  pages={67005},
  year={2016},
  publisher={IOP Publishing}
}