@book{weiner2011ultrafast,
  title={Ultrafast optics},
  author={Weiner, Andrew},
  volume={72},
  year={2011},
  publisher={John Wiley \& Sons}
}

@book{bastard1990wave,
  title={{Wave Mechanics Applied to Semiconductor Heterostructures}},
  author={Bastard, Gerald},
  year={1990},
  publisher={New York, NY (USA); John Wiley and Sons Inc.}
}

@book{sutherland2003handbook,
  title={{Handbook of Nonlinear Optics}},
  author={Sutherland, Richard L},
  year={2003},
  publisher={CRC press}
}

@book{taflove2000computational,
  title={{Computational Electrodynamics}},
  author={Taflove, Allen and Hagness, Susan C},
  year={2000},
  publisher={Artech house publishers}
}


@book{ye2005femtosecond,
	title={Femtosecond optical frequency comb: principle, operation and applications},
	author={Ye, Jun},
	year={2005},
	publisher={Springer Science \& Business Media}
}

@book{davies1997physics,
  title={{The Physics of Low-dimensional Semiconductors: an Introduction}},
  author={Davies, John H},
  year={1997},
  publisher={Cambridge University Press}
}

@book{loudon2000quantum,
  title={{The Quantum Theory of Light}},
  author={Loudon, Rodney},
  year={2000},
  publisher={Oxford University Press}
}


@book{progOptics,
	title={Progress in Optics},
	author={Emil Wolf},
	year={2002},
	volume={43}
	publisher={Elsevier}
}
@book{meier2007coherent,
  title={Coherent semiconductor optics: from basic concepts to nanostructure applications},
  author={Meier, Torsten and Thomas, Peter and Koch, Stephan W},
  year={2007},
  publisher={Springer Science \& Business Media}
}

@book{siegman1986lasers,
	title={Lasers},
	author={Siegman, Anthony E},
	year={1986},
	publisher={{University Science Books, Mill Valley, CA}}
}

@book{boyd2003nonlinear,
	title={Nonlinear {O}ptics},
	author={Boyd, Robert W},
	year={2003},
	publisher={Academic {P}ress}
}

@book{wesseling2009principles,
	title={{Principles of Computational Fluid Dynamics}},
	author={Wesseling, Pieter},
	volume={29},
	year={2009},
	publisher={Springer Science \& Business Media}
}

@book{butcher1991elements,
	title={{The Elements of Nonlinear Optics}},
	author={Butcher, Paul N and Cotter, David},
	volume={9},
	year={1991},
	publisher={Cambridge University Press}
}

@phdthesis{hugi2013single,
	title={Single-mode and comb operation of broadband quantum cascade lasers},
	author={Hugi, Andreas},
	year={2013},
	school={Diss., Eidgen{\"o}ssische Technische Hochschule ETH Z{\"u}rich, Nr. 21138, 2013}
}

@phdthesis{burghoff2014broadband,
	title={Broadband terahertz photonics},
	author={Burghoff, David Patrick},
	year={2014},
	school={Massachusetts Institute of Technology}
}

@phdthesis{kumar2007development,
	title={Development of terahertz quantum-cascade lasers},
	author={Kumar, Sushil and others},
	year={2007},
	school={Massachusetts Institute of Technology}
}
@phdthesis{williams2007terahertzPHD,
	title={Terahertz quantum-cascade lasers},
	author={Williams, Benjamin S},
	year={2003},
	school={Massachusetts Institute of Technology}
}

%%%%% BEGIN prof jirauschek's spie paper citations
% rate equations 
@article{yang2010rate,
  title={Rate equations analysis of external-cavity quantum cascade lasers},
  author={Yang, QK and Hinkov, B and Fuchs, F and Bronner, W and K{\"o}hler, K and Wagner, J and Maulini, R and Faist, J},
  journal={J. Appl. Phys.},
  volume={107},
  number={4},
  pages={043109},
  year={2010},
  publisher={AIP Publishing}
}
@article{indjin2003mechanisms,
  title={Mechanisms of temperature performance degradation in terahertz quantum-cascade lasers},
  author={Indjin, D and Harrison, P and Kelsall, RW and Ikoni{\'c}, Z},
  journal={Appl. Phys. Lett.},
  volume={82},
  number={9},
  pages={1347--1349},
  year={2003},
  publisher={AIP Publishing}
}

% density matrix
@article{iotti2001,
   author = {{Iotti}, R.~C. and {Rossi}, F.},
    title = "{Nature of charge transport in quantum-cascade lasers}",
  journal = {Phys. Rev. Lett.},
     year = 2001,
    volume = 87,
   number = 14,
    pages = {146603}
}
@article{weber2009,
   author = {{Weber}, C. and {Wacker}, A. and {Knorr}, A.},
    title = "{Density-matrix theory of the optical dynamics and transport in quantum cascade structures: The role of coherence}",
  journal = {Phys. Rev. B},
archivePrefix = "arXiv",
     year = 2009,
     volume = 79,
   number = 16,
    pages = {165322}
}

@article{terazzi2010density,
  title={A density matrix model of transport and radiation in quantum cascade lasers},
  author={Terazzi, Romain and Faist, J{\'e}r{\^o}me},
  journal={New J. Phys.},
  volume={12},
  number={3},
  pages={033045},
  year={2010},
  publisher={IOP Publishing}
}

% NEGF
@article{wacker2002gain,
   author = {{Wacker}, A.},
    title = "{Gain in quantum cascade lasers and superlattices: A quantum transport theory}",
  journal = {Phys. Rev. B},
     year = 2002,
   volume = 66,
   number = 8,
    pages = {085326}
	}

@article{kubis2009theory,
   author = {{Kubis}, T. and {Yeh}, C. and {Vogl}, P. and {Benz}, A. and 
	{Fasching}, G. and {Deutsch}, C.},
    title = "{Theory of nonequilibrium quantum transport and energy dissipation in terahertz quantum cascade lasers}",
  journal = {Phys. Rev. B},
     year = 2009,   
   volume = 79,
   number = 19,
    pages = {195323}
}
@article{wacker2013nonequilibrium, 
author={{Wacker}, A. and {Lindskog}, M. and {Winge}, D.~O.}, 
journal = {IEEE J. Sel. Top. Quantum Electron.},
title={Nonequilibrium {G}reen's function model for simulation of quantum cascade laser devices under operating conditions}, 
year={2013}, 
volume={19}, 
number={5}, 
pages={1-11}, 
}


%EMC
@article{iotti2000hotcarrier,
   author = {{Iotti}, R.~C. and {Rossi}, F.},
    title = "{Microscopic theory of hot-carrier relaxation in semiconductor-based quantum-cascade lasers}",
  journal = {Appl. Phys. Lett.},
    year = 2000,   
   volume = 76,
    pages = {2265},
}

@article{callebaut2004montecarlo,
   author = {{Callebaut}, H. and {Kumar}, S. and {Williams}, B.~S. and {Hu}, Q. and 
	{Reno}, J.~L.},
    title = "{Importance of electron-impurity scattering for electron transport in terahertz quantum-cascade lasers}",
  journal = {Appl. Phys. Lett.},
     year = 2004,
   volume = 84,
    pages = {645-647},
 }

@article{jirauschek2009monte,
	title={{Monte-Carlo-based spectral gain analysis for terahertz quantum cascade lasers}},
	author={Jirauschek, Christian and Lugli, Paolo},
	journal={J. Appl. Phys.},
	volume={105},
	number={12},
	pages={123102},
	year={2009},
	publisher={AIP Publishing}
}

@article{shi2014nonequilibrium,
  title={Nonequilibrium phonon effects in midinfrared quantum cascade lasers},
  author={Shi, YB and Knezevic, I},
  journal={J. Appl. Phys.},
  volume={116},
  number={12},
  pages={123105},
  year={2014},
  publisher={AIP Publishing}
}


%%%% END OF JIRAUSCHEK's CITATIONS

@article{tsu1973tunneling,
  title={Tunneling in a finite superlattice},
  author={Tsu, R and Esaki, Leo},
  journal={Appl. Phys. Lett.},
  volume={22},
  number={11},
  pages={562--564},
  year={1973},
  publisher={AIP Publishing}
}

% tunneling induced transparency papers!!1 
@article{williams2007terahertz,
  title={Terahertz quantum-cascade lasers},
  author={Williams, Benjamin S},
  journal={Nat. Photon.},
  volume={1},
  number={9},
  pages={517--525},
  year={2007},
  publisher={Nature Publishing Group}
}

@article{sirtori1998resonant,
  title={Resonant tunneling in quantum cascade lasers},
  author={Sirtori, Carlo and Capasso, Federico and Faist, J{\'e}r{\^o}me and Hutchinson, Albert L and Sivco, Deborah L and Cho, Alfred Y},
  journal={IEEE J. Quant. Electron.},
  volume={34},
  number={9},
  pages={1722--1729},
  year={1998},
  publisher={IEEE}
}
@article{borges2012tunneling,
  title={Tunneling induced transparency and slow light in quantum dot molecules},
  author={Borges, HS and Sanz, L and Villas-B{\^o}as, JM and Neto, OO Diniz and Alcalde, AM},
  journal={Phys. Rev B},
  volume={85},
  number={11},
  pages={115425},
  year={2012},
  publisher={APS}
}
@article{schmidt1997tunneling,
  title={Tunneling induced transparency: Fano interference in intersubband transitions},
  author={Schmidt, H and Campman, KL and Gossard, AC and Imamoglu, A},
  journal={Applied Physics Letters},
  volume={70},
  number={25},
  pages={3455--3457},
  year={1997},
  publisher={AIP Publishing}
}

@article{villares2016dispersion,
  title={Dispersion engineering of quantum cascade laser frequency combs},
  author={Villares, Gustavo and Riedi, Sabine and Wolf, Johanna and Kazakov, Dmitry and S{\"u}ess, Martin J and Jouy, Pierre and Beck, Mattias and Faist, J{\'e}r{\^o}me},
  journal={Optica},
  volume={3},
  number={3},
  pages={252--258},
  year={2016},
  publisher={Optical Society of America}
}

@article{herr2012universal,
  title={Universal formation dynamics and noise of Kerr-frequency combs in microresonators},
  author={Herr, T and Hartinger, K and Riemensberger, J and Wang, CY and Gavartin, E and Holzwarth, R and Gorodetsky, ML and Kippenberg, TJ},
  journal={Nat. Photon.},
  volume={6},
  number={7},
  pages={480--487},
  year={2012},
  publisher={Nature Publishing Group}
}


@article{toll1956,
  title = {Causality and the Dispersion Relation: Logical Foundations},
  author = {Toll, John S.},
  journal = {Phys. Rev.},
  volume = {104},
  issue = {6},
  pages = {1760--1770},
  numpages = {0},
  year = {1956},
  publisher = {American Physical Society},
}


@article{sun2008slow,
  title={Slow light using P-doped semiconductor heterostructures for high-bandwidth nonlinear signal processing},
  author={Sun, Dong and Ku, Pei-Cheng},
  journal={Journal of Lightwave Technology},
  volume={26},
  number={23},
  pages={3811--3817},
  year={2008},
  publisher={IEEE}
}

@article{ginzburg2006slow,
  title={Slow light and voltage control of group velocity in resonantly coupled quantum wells},
  author={Ginzburg, Pavel and Orenstein, Meir},
  journal={Opt. Express},
  volume={14},
  number={25},
  pages={12467--12472},
  year={2006},
  publisher={Optical Society of America}
}

@article{sun2013tunneling,
  title={Tunneling-induced high-efficiency four-wave mixing in asymmetric quantum wells},
  author={Sun, Hui and Fan, Shuangli and Zhang, Hongjun and Gong, Shangqing},
  journal={Phys. Rev B},
  volume={87},
  number={23},
  pages={235310},
  year={2013},
  publisher={APS}
}

@article{fleischhauer2000dark,
  title={Dark-state polaritons in electromagnetically induced transparency},
  author={Fleischhauer, Michael and Lukin, MD},
  journal={Phys. Rev Letters},
  volume={84},
  number={22},
  pages={5094},
  year={2000},
  publisher={APS}
}
@article{hau1999light,
  title={Light speed reduction to 17 metres per second in an ultracold atomic gas},
  author={Hau, Lene Vestergaard and Harris, Stephen E and Dutton, Zachary and Behroozi, Cyrus H},
  journal={Nature},
  volume={397},
  number={6720},
  pages={594--598},
  year={1999},
  publisher={Nature Publishing Group}
}

@article{udem2002optical,
  title={Optical frequency metrology},
  author={Udem, Th and Holzwarth, Ronald and H{\"a}nsch, Theodor W},
  journal={Nature},
  volume={416},
  number={6877},
  pages={233--237},
  year={2002},
  publisher={Nature Publishing Group}
}

@article{kasapi1995electromagnetically,
  title={Electromagnetically induced transparency: propagation dynamics},
  author={Kasapi, A and Jain, Maneesh and Yin, GY and Harris, Stephen E},
  journal={Phys. Rev Letters},
  volume={74},
  number={13},
  pages={2447},
  year={1995},
  publisher={APS}
}
@article{kocharovskaya1992inversionless,
  title={Inversionless amplification in a three-level medium},
  author={Kocharovskaya, Olga and Mandel, Paul and Radeonychev, YV},
  journal={Phys. Rev A},
  volume={45},
  number={3},
  pages={1997},
  year={1992},
  publisher={APS}
}

@article{khurgin2005optical,
  title={Optical buffers based on slow light in electromagnetically induced transparent media and coupled resonator structures: comparative analysis},
  author={Khurgin, Jacob B},
  journal={JOSA B},
  volume={22},
  number={5},
  pages={1062--1074},
  year={2005},
  publisher={Optical Society of America}
}


@article{ren2014single,
  title={Single mode terahertz quantum cascade amplifier},
  author={Ren, Y and Wallis, R and Shah, YD and Jessop, DS and Degl'Innocenti, R and Klimont, A and Kamboj, V and Beere, HE and Ritchie, DA},
  journal={Applied Physics Letters},
  volume={105},
  number={14},
  pages={141102},
  year={2014},
  publisher={AIP Publishing}
}

@article{bigelow2003superluminal,
  title={Superluminal and slow light propagation in a room-temperature solid},
  author={Bigelow, Matthew S and Lepeshkin, Nick N and Boyd, Robert W},
  journal={Science},
  volume={301},
  number={5630},
  pages={200--202},
  year={2003},
  publisher={American Association for the Advancement of Science}
}

@article{camacho2007all,
  title={All-optical delay of images using slow light},
  author={Camacho, Ryan M and Broadbent, Curtis J and Ali-Khan, Irfan and Howell, John C},
  journal={Phys. Rev Letters},
  volume={98},
  number={4},
  pages={043902},
  year={2007},
  publisher={APS}
}


@article{turukhin2001observation,
  title={Observation of ultraslow and stored light pulses in a solid},
  author={Turukhin, AV and Sudarshanam, VS and Shahriar, MS and Musser, JA and Ham, BS and Hemmer, PR},
  journal={Phys. Rev Letters},
  volume={88},
  number={2},
  pages={023602},
  year={2001},
  publisher={APS}
}


@article{wu2010slow,
  title={Slow light on a chip via atomic quantum state control},
  author={Wu, Bin and Hulbert, John F and Lunt, Evan J and Hurd, Katie and Hawkins, Aaron R and Schmidt, Holger},
  journal={Nat. Photon. },
  volume={4},
  number={11},
  pages={776--779},
  year={2010},
  publisher={Nature Publishing Group}
}

@article{boller1991observation,
  title={Observation of electromagnetically induced transparency},
  author={Boller, K-J and Imamoglu, A and Harris, Stephen E},
  journal={Phys. Rev Letters},
  volume={66},
  number={20},
  pages={2593},
  year={1991},
  publisher={APS}
}


@article{firstenberg2009elimination,
  title={Elimination of the diffraction of arbitrary images imprinted on slow light},
  author={Firstenberg, O and Shuker, M and Davidson, N and Ron, A},
  journal={Phys. Rev Letters},
  volume={102},
  number={4},
  pages={043601},
  year={2009},
  publisher={APS}
}

@article{fleischhauer2005electromagnetically,
  title={Electromagnetically induced transparency: Optics in coherent media},
  author={Fleischhauer, Michael and Imamoglu, Atac and Marangos, Jonathan P},
  journal={Reviews of Modern Physics},
  volume={77},
  number={2},
  pages={633},
  year={2005},
  publisher={APS}
}

@article{faist1997controlling,
  title={Controlling the sign of quantum interference by tunnelling from quantum wells},
  author={Faist, Jerome and Capasso, Federico and Sirtori, Carlo and West, Ken W and Pfeiffer, LN},
  journal={Nature},
  volume={390},
  number={6660},
  pages={589--591},
  year={1997},
  publisher={Nature Publishing Group}
}


@article{lukin2003colloquium,
  title={Colloquium: Trapping and manipulating photon states in atomic ensembles},
  author={Lukin, MD},
  journal={Reviews of Modern Physics},
  volume={75},
  number={2},
  pages={457},
  year={2003},
  publisher={APS}
}


@book{brillouin2013wave,
  title={Wave propagation and group velocity},
  author={Brillouin, L{\'e}on},
  volume={8},
  year={2013},
  publisher={Academic Press}
}


%%% others!
@article{petz2016, 
author = {Petar Tzenov and David Burghoff and Qing Hu and Christian Jirauschek}, 
journal = {Opt. Express}, 
number = {20}, 
pages = {23232--23247}, 
publisher = {OSA},
title = {Time domain modeling of terahertz quantum cascade lasers for frequency comb generation}, 
volume = {24}, 
year = {2016},
}


@article{revin2016active,
  title={Active mode locking of quantum cascade lasers in an external ring cavity},
  author={Revin, DG and Hemingway, M and Wang, Y and Cockburn, JW and Belyanin, A},
  journal={Nat. Commun.},
  volume={7},
  year={2016},
  publisher={Nature Publishing Group}
}

@article {Burghoff1601227,
	author = {Burghoff, David and Yang, Yang and Hu, Qing},
	title = {Computational multiheterodyne spectroscopy},
	volume = {2},
	number = {11},
	year = {2016},
	publisher = {American Association for the Advancement of Science},
	journal = {Sci. Adv.}
}


@inproceedings{tzenov2017temporal,
  title={Temporal dynamics of THz quantum cascade laser frequency combs with strong injector anticrossing},
  author={Tzenov, Petar and Burghoff, David and Hu, Qing and Jirauschek, Christian},
  booktitle={International Conference and School on Quantum Electronics},
  pages={102260N--102260N},
  year={2017},
  organization={International Society for Optics and Photonics}
}

@article{fathololoumi2012terahertz,
  title={Terahertz quantum cascade lasers operating up to~ 200 K with optimized oscillator strength and improved injection tunneling},
  author={Fathololoumi, S and Dupont, E and Chan, CWI and Wasilewski, ZR and Laframboise, SR and Ban, D and M{\'a}ty{\'a}s, A and Jirauschek, C and Hu, Q and Liu, HC},
  journal={Opt. Express},
  volume={20},
  number={4},
  pages={3866--3876},
  year={2012},
  publisher={Optical Society of America}
}

@article{albo2015investigating,
  title={Investigating temperature degradation in THz quantum cascade lasers by examination of temperature dependence of output power},
  author={Albo, Asaf and Hu, Qing},
  journal={Appl. Phys. Lett.},
  volume={106},
  number={13},
  pages={131108},
  year={2015},
  publisher={AIP Publishing}
}

@article{albo2017temperature,
  title={Temperature-driven enhancement of the stimulated emission rate in terahertz quantum cascade lasers},
  author={Albo, Asaf and Flores, Yuri V},
  journal={IEEE J. Quantum Electron.},
  volume={53},
  number={1},
  pages={1--5},
  year={2017},
  publisher={IEEE}
}


@article{yang2016terahertz,
	title={Terahertz multiheterodyne spectroscopy using laser frequency combs},
	author={Yang, Yang and Burghoff, David and Hayton, Darren J and Gao, Jian-Rong and Reno, John L and Hu, Qing},
	journal={Optica},
	volume={3},
	number={5},
	pages={499--502},
	year={2016},
	publisher={Optical Society of America}
}

@article{martl2011gain,
	title={Gain and losses in {THz} quantum cascade laser with metal-metal waveguide},
	author={Martl, Michael and Darmo, Juraj and Deutsch, Christoph and Brandstetter, Martin and Andrews, Aaron Maxwell and Klang, Pavel and Strasser, Gottfried and Unterrainer, Karl},
	journal={Opt. Express},
	volume={19},
	number={2},
	pages={733--738},
	year={2011},
	publisher={Optical Society of America}
}

@article{knezevic2013time,
  title={Time-dependent transport in open systems based on quantum master equations},
  author={Knezevic, I and Novakovic, B},
  journal={J. Comput. Electron.},
  volume={12},
  number={3},
  pages={363--374},
  year={2013},
  publisher={Springer}
}

@article{weber2006theory,
  title={Theory of the ultrafast nonlinear response of terahertz quantum cascade laser structures},
  author={Weber, C and Banit, F and Butscher, S and Knorr, A and Wacker, Andreas},
  journal={Appl. Phys. Lett.},
  volume={89},
  number={9},
  pages={091112},
  year={2006},
  publisher={AIP Publishing}
}



@article{burghoff2014terahertz,
  title={Terahertz laser frequency combs},
  author={Burghoff, David and Kao, Tsung-Yu and Han, Ningren and Chan, Chun Wang Ivan and Cai, Xiaowei and Yang, Yang and Hayton, Darren J and Gao, Jian-Rong and Reno, John L and Hu, Qing},
  journal={Nat. Photon. },
  volume={8},
  number={6},
  pages={462--467},
  year={2014}
}
@article{kohen2005electromagnetic,
	title={Electromagnetic modeling of terahertz quantum cascade laser waveguides and resonators},
	author={Kohen, Stephen and Williams, Benjamin S and Hu, Qing},
	journal={J. Appl. Phys.},
	volume={97},
	number={5},
	pages={053106},
	year={2005},
	publisher={AIP Publishing}
}
@article{vukovic2016multimode,
	title={{Multimode RNGH instabilities of Fabry-P{\'e}rot cavity QCLs: impact of diffusion}},
	author={Vukovic, N and Radovanovic, J and Milanovic, V and Boiko, DL},
	journal={Optical and Quantum Electronics},
	volume={48},
	number={4},
	pages={1--10},
	year={2016},
	publisher={Springer}
}



@article{jirauschek2007comparative,
	title={{Comparative analysis of resonant phonon THz quantum cascade lasers}},
	author={Jirauschek, Christian and Scarpa, Giuseppe and Lugli, Paolo and Vitiello, Miriam S and Scamarcio, Gaetano},
	journal={J. Appl. Phys.},
	volume={101},
	number={8},
	pages={086109},
	year={2007},
	publisher={AIP Publishing}
}
@article{jirauschek2010monte,
  title={{Monte Carlo study of intrinsic linewidths in terahertz quantum cascade lasers}},
  author={Jirauschek, Christian},
  journal={Opt. Express},
  volume={18},
  number={25},
  pages={25922--25927},
  year={2010},
  publisher={Optical Society of America}
}


@article{jirauschek2010monte_2,
	title={{Monte Carlo study of carrier-light coupling in terahertz quantum cascade lasers}},
	author={Jirauschek, Christian},
	journal={Appl. Phys. Lett.},
	volume={96},
	number={1},
	pages={011103},
	year={2010},
	publisher={AIP Publishing}
}

@article{villares2014dual,
	title={Dual-comb spectroscopy based on quantum-cascade-laser frequency combs},
	author={Villares, Gustavo and Hugi, Andreas and Blaser, St{\'e}phane and Faist, J{\'e}r{\^o}me},
	journal={Nat. Commun.},
	volume={5},
	year={2014},
	pages={5192},
	publisher={Nature Publishing Group}
}

@article{wang2007coherent,
  title = {Coherent instabilities in a semiconductor laser with fast gain recovery},
  author = {Wang, Christine Y. and Diehl, L. and Gordon, A. and Jirauschek, C. and K\"artner, F. X. and Belyanin, A. and Bour, D. and Corzine, S. and H\"ofler, G. and Troccoli, M. and Faist, J. and Capasso, Federico},
  journal = {Phys. Rev A},
  volume = {75},
  issue = {3},
  pages = {031802},
  numpages = {4},
  year = {2007},
  month = {Mar},
  publisher = {American Physical Society}
}

@article{kazarino1971possibility,
  title={Possibility of amplication of electromagnetic waves in a semiconductor with a superlattice},
  author={Kazarinov, R.F. and Suris, R.A.},
  journal={Sov. Phys. Semicond.},
  volume={5},
  number={4},
  pages={707},
  year={1971},
  publisher={AMER INST PHYSICS CIRCULATION FULFILLMENT DIV, 500 SUNNYSIDE BLVD, WOODBURY, NY 11797-2999}
}

@article{gkortsas2010dynamics,
	title={Dynamics of actively mode-locked quantum cascade lasers},
	author={Gkortsas, V-M and Wang, C and Kuznetsova, L and Diehl, L and Gordon, A and Jirauschek, C and Belkin, MA and Belyanin, A and Capasso, F and K{\"a}rtner, FX},
	journal={Opt. Express},
	volume={18},
	number={13},
	pages={13616--13630},
	year={2010},
	publisher={Optical Society of America}
}
@article{villares2015quantum,
	title={Quantum cascade laser combs: effects of modulation and dispersion},
	author={Villares, Gustavo and Faist, J{\'e}r{\^o}me},
	journal={Opt. Express},
	volume={23},
	number={2},
	pages={1651--1669},
	year={2015},
	publisher={Optical Society of America}
}

@article{wienold2014evidence,
	title={{Evidence for frequency comb emission from a Fabry-P{\'e}rot terahertz quantum-cascade laser}},
	author={Wienold, Martin and R{\"o}ben, B and Schrottke, L and Grahn, HT},
	journal={Opt. Express},
	volume={22},
	number={25},
	pages={30410--30424},
	year={2014},
	publisher={Optical Society of America}
}

@article{talukder2010self,
	title={Self-induced transparency modelocking of quantum cascade lasers in the presence of saturable nonlinearity and group velocity dispersion},
	author={Talukder, Muhammad Anisuzzaman and Menyuk, Curtis R},
	journal={Opt. Express},
	volume={18},
	number={6},
	pages={5639--5653},
	year={2010},
	publisher={Optical Society of America}
}

@article{friedli2013four,
	title={Four-wave mixing in a quantum cascade laser amplifier},
	author={Friedli, Peter and Sigg, Hans and Hinkov, Borislav and Hugi, Andreas and Riedi, Sabine and Beck, Mattias and Faist, J{\'e}r{\^o}me},
	journal={Appl. Phys. Lett.},
	volume={102},
	number={22},
	pages={222104},
	year={2013},
	publisher={AIP Publishing}
}

@article{revin2016active,
	title={Active mode locking of quantum cascade lasers in an external ring cavity},
	author={Revin, DG and Hemingway, M and Wang, Y and Cockburn, JW and Belyanin, A},
	journal={Nat. Commun.},
	volume={7},
	year={2016},
	publisher={Nature Publishing Group}
}

@article{hugi2012mid,
	title={Mid-infrared frequency comb based on a quantum cascade laser},
	author={Hugi, Andreas and Villares, Gustavo and Blaser, St{\'e}phane and Liu, HC and Faist, J{\'e}r{\^o}me},
	journal={Nature},
	volume={492},
	number={7428},
	pages={229--233},
	year={2012},
	publisher={Nature Publishing Group}
}

@article{wang2009mode, 
author = {Christine Y. Wang and Lyuba Kuznetsova and V. M. Gkortsas and L. Diehl and F. X. K\"{a}rtner and M. A. Belkin and A. Belyanin and X. Li and D. Ham and H Schneider and P. Grant and C. Y. Song and S. Haffouz and Z. R. Wasilewski and H. C. Liu and Federico Capasso}, 
journal = {Opt. Express}, 
keywords = {Infrared and far-infrared lasers; Mode-locked lasers; Semiconductor lasers, quantum cascade},
number = {15}, 
pages = {12929--12943}, 
publisher = {OSA},
title = {Mode-locked pulses from mid-infrared Quantum Cascade Lasers}, 
volume = {17}, 
month = {Jul},
year = {2009},
}

@article{wang2015generating,
	title={Generating ultrafast pulses of light from quantum cascade lasers},
	author={Wang, Feihu and Maussang, Kenneth and Moumdji, Souad and Colombelli, Raffaele and Freeman, Joshua R and Kundu, Iman and Li, Lianhe and Linfield, Edmund H and Davies, A Giles and Mangeney, Juliette and others},
	journal={Optica},
	volume={2},
	number={11},
	pages={944--949},
	year={2015},
	publisher={Optical Society of America}
}
@article{wang2015active,
	title={Active mode-locking of mid-infrared quantum cascade lasers with short gain recovery time},
	author={Wang, Yongrui and Belyanin, Alexey},
	journal={Opt. Express},
	volume={23},
	number={4},
	pages={4173--4185},
	year={2015},
	publisher={Optical Society of America}
}

@article{schliesser2012mid,
  title={Mid-infrared frequency combs},
  author={Schliesser, Albert and Picqu{\'e}, Nathalie and H{\"a}nsch, Theodor W},
  journal={Nat. Photon.},
  volume={6},
  number={7},
  pages={440--449},
  year={2012},
  publisher={Nature Publishing Group}
}

@article{rosch2015octave,
	title={Octave-spanning semiconductor laser},
	author={R{\"o}sch, Markus and Scalari, Giacomo and Beck, Mattias and Faist, J{\'e}r{\^o}me},
	journal={Nat. Photon. },
	volume={9},
	number={1},
	pages={42--47},
	year={2015},
	publisher={Nature Publishing Group}
}

@article{khurgin2014coherent,
	title={Coherent frequency combs produced by self frequency modulation in quantum cascade lasers},
	author={Khurgin, JB and Dikmelik, Yamac and Hugi, Andreas and Faist, Jerome},
	journal={Appl. Phys. Lett.},
	volume={104},
	number={8},
	pages={081118},
	year={2014},
	publisher={AIP Publishing}
}
@article{jirauschek2014modeling,
	title={Modeling techniques for quantum cascade lasers},
	author={Jirauschek, Christian and Kubis, Tillmann},
	journal={Appl. Phys. Rev.},
	volume={1},
	number={1},
	pages={011307},
	year={2014},
	publisher={AIP Publishing}
}

@article{callebaut2005importance,
	title={Importance of coherence for electron transport in terahertz quantum cascade lasers},
	author={Callebaut, Hans and Hu, Qing},
	journal={J. Appl. Phys.},
	volume={98},
	number={10},
	pages={104505},
	year={2005},
	publisher={AIP Publishing}
}



@article{kumar2009coherence,
	title={Coherence of resonant-tunneling transport in terahertz quantum-cascade lasers},
	author={Kumar, Sushil and Hu, Qing},
	journal={Phys. Rev. B},
	volume={80},
	number={24},
	pages={245316},
	year={2009},
	publisher={APS}
}

@article{burghoff2015evaluating,
	title={Evaluating the coherence and time-domain profile of quantum cascade laser frequency combs},
	author={Burghoff, David and Yang, Yang and Hayton, Darren J and Gao, Jian-Rong and Reno, John L and Hu, Qing},
	journal={Opt. Express},
	volume={23},
	number={2},
	pages={1190--1202},
	year={2015},
	publisher={Optical Society of America}
}

@article{gordon2008multimode,
  title = {Multimode regimes in quantum cascade lasers: From coherent instabilities to spatial hole burning},
  author = {Gordon, Ariel and Wang, Christine Y. and Diehl, L. and K\"artner, F. X. and Belyanin, A. and Bour, D. and Corzine, S. and H\"ofler, G. and Liu, H. C. and Schneider, H. and Maier, T. and Troccoli, M. and Faist, J. and Capasso, Federico},
  journal = {Phys. Rev. A},
  volume = {77},
  issue = {5},
  pages = {053804},
  numpages = {18},
  year = {2008},
  month = {May},
  publisher = {American Physical Society}
}


@article{dupont2010simplified,
	title={Simplified density-matrix model applied to three-well terahertz quantum cascade lasers},
	author={Dupont, E and Fathololoumi, S and Liu, HC},
	journal={Phys. Rev. B},
	volume={81},
	number={20},
	pages={205311},
	year={2010},
	publisher={APS}
}



@article{jukam2008gain,
title={{Gain measurements of THz quantum cascade lasers using THz time-domain spectroscopy}},
author={N. Jukam and S. Dhillon and Z. Y. Zhao and G. Duerr and J. Armijo and N. Sirmons and S. Hameau and S. Barbieri and P. Filloux and C. Sirtori and X. Marcadet and J. Tignon},
journal={IEEE J. Sel. Top. Quantum Electron.},
year={2008},
volume={14},
number={2},
pages={436-442},
publisher={IEEE}
}


@article{villares2015dispersion,
	title={Dispersion engineering of Quantum Cascade Lasers frequency combs},
	author={Villares, Gustavo and Riedi, Sabine and Wolf, Johanna and Kazakov, Dmitry and S{\"u}ess, Martin J and Beck, Mattias and Faist, J{\'e}r{\^o}me},
	journal={arXiv preprint arXiv:1509.08856},
	year={2015}
}
@article{iotti2005microscopic,
	title={Microscopic theory of semiconductor-based optoelectronic devices},
	author={Iotti, Rita C and Rossi, Fausto},
	journal={Rep. Prog. Phys.},
	volume={68},
	number={11},
	pages={2533},
	year={2005},
	publisher={IOP Publishing}
}
@article{risken1968self,
	title={Self-pulsing in lasers},
	author={Risken, H and Nummedal, K},
	journal={J. Appl. Phys.},
	volume={39},
	number={10},
	pages={4662--4672},
	year={1968},
	publisher={AIP Publishing}
}

@article{graham1968quantum,
  title={Quantum theory of light propagation in a fluctuating laser-active medium},
  author={Graham, R\_ and Haken, H},
  journal={Z. Phys.},
  volume={213},
  number={5},
  pages={420--450},
  year={1968},
  publisher={Springer}
}



@article{godunov1959difference,
	title={A difference method for numerical calculation of discontinuous solutions of the equations of hydrodynamics},
	author={Godunov, Sergei Konstantinovich},
	journal={Matematicheskii Sbornik},
	volume={89},
	number={3},
	pages={271--306},
	year={1959},
	publisher={Russian Academy of Sciences, Branch of Mathematical Sciences}
}


@article{cappelli2015intrinsic,
  title={Intrinsic linewidth of quantum cascade laser frequency combs},
  author={Cappelli, Francesco and Villares, Gustavo and Riedi, Sabine and Faist, J{\'e}r{\^o}me},
  journal={Optica},
  volume={2},
  number={10},
  pages={836--840},
  year={2015},
  publisher={Optical Society of America}
}

@article{lu2015high,
  title={High power frequency comb based on mid-infrared quantum cascade laser at $\lambda\sim$9 $\mu$m},
  author={Lu, QY and Razeghi, M and Slivken, S and Bandyopadhyay, N and Bai, Y and Zhou, WJ and Chen, M and Heydari, D and Haddadi, A and McClintock, R and Amanti, M and Sirtori, C},
  journal={Appl. Phys. Lett.},
  volume={106},
  number={5},
  pages={051105},
  year={2015},
  publisher={AIP Publishing}
}


@article{2009IJQE451059J,
   author = {{Jirauschek}, C.},
    title = "{Accuracy of transfer matrix approaches for solving the effective mass Schr{\"o}dinger equation}",
  journal = {IEEE J. Quantum Electron.},
     year = 2009,
    month = sep,
   volume = 45,
    pages = {1059-1067},
      doi = {10.1109/JQE.2009.2020998},
}

@article{butscher2005ultrafast,
  title={Ultrafast electron-phonon interaction of intersubband transitions: Quantum kinetics from adiabatic following to {R}abi-oscillations},
  author={Butscher, Stefan and F{\"o}rstner, Jens and Waldm{\"u}ller, In{\`e}s and Knorr, Andreas},
  journal={Phys. Rev. B},
  volume={72},
  number={4},
  pages={045314},
  year={2005},
  publisher={APS}
}

@article{iotti2016electronic,
  title={Electronic phase coherence vs. dissipation in solid-state quantum devices: Two approximations are better than one},
  author={Iotti, Rita Claudia and Rossi, Fausto},
  journal={EPL},
  volume={112},
  number={6},
  pages={67005},
  year={2016},
  publisher={IOP Publishing}
}
